@abbreviation{wgfsp,
  short = {Wgfsp.},
  long  = {Wegfahrsperre},
}
