@acronym{nfc,
  long  = {Near Field Communication},
  short = {NFC},
}

@acronym{pke,
  long  = {Passive Keyless-Entry},
  short = {PKE},
}

@acronym{pkes,
  long  = {Passive Keyless-Entry and Start},
  short = {PKES},
}

@acronym{rfid,
  long  = {Radio Frequency Identification},
  short = {RFID},
}

@acronym{rke,
  long  = {Remote Keyless-Entry},
  short = {RKE},
}
