@article{Alrabady2005,
  author  = {Alrabady, A.I. and Mahmud, S.M.},
  journal = {IEEE Transactions on Vehicular Technology},
  title   = {Analysis of attacks against the security of keyless-entry systems for vehicles and suggestions for improved designs},
  year    = {2005},
  volume  = {54},
  number  = {1},
  pages   = {41-50},
  doi     = {10.1109/TVT.2004.838829},
}

@inproceedings{Hancke2005,
  author    = {Hancke, G.P. and Kuhn, M.G.},
  booktitle = {First International Conference on Security and Privacy for Emerging Areas in Communications Networks (SECURECOMM'05)},
  title     = {An RFID Distance Bounding Protocol},
  year      = {2005},
  volume    = {},
  number    = {},
  pages     = {67-73},
  doi       = {10.1109/SECURECOMM.2005.56},
}

@inproceedings{Hancke2012,
  author    = {Hancke, Gerhard P.},
  booktitle = {2012 IEEE International Conference on RFID-Technologies and Applications (RFID-TA)},
  title     = {Distance-bounding for RFID: Effectiveness of ‘terrorist fraud’ in the presence of bit errors},
  year      = {2012},
  volume    = {},
  number    = {},
  pages     = {91-96},
  doi       = {10.1109/RFID-TA.2012.6404574},
}

@inproceedings{Mauw2018,
  author    = {Mauw, Sjouke and Smith, Zach and Toro-Pozo, Jorge and Trujillo-Rasua, Rolando},
  booktitle = {2018 IEEE Symposium on Security and Privacy (SP)},
  title     = {Distance-Bounding Protocols: Verification Without Time and Location},
  year      = {2018},
  volume    = {},
  number    = {},
  pages     = {549-566},
  doi       = {10.1109/SP.2018.00001},
}

@inproceedings{Yang2012,
  author    = {Yang, Tao and Kong, Lingbo and Xin, Wei and Hu, Jianbin and Chen, Zhong},
  booktitle = {2012 9th International Conference on Fuzzy Systems and Knowledge Discovery},
  title     = {Resisting relay attacks on vehicular Passive Keyless Entry and start systems},
  year      = {2012},
  volume    = {},
  number    = {},
  pages     = {2232-2236},
  doi       = {10.1109/FSKD.2012.6234155},
}
